@article{caminiti,
  author = "Saverio Caminiti and Emanuele G. Fusco and Rossella Petreschi",
  title = "Bijective Linear Time Coding and Decoding for $k$-Trees",
  journal = "Theory of Computing Systems",
  year = "2010",
  volume = "46",
  pages = "284--300",
  publisher = "Springer",
  doi = "10.1007/s00224-008-9131-0",
}

@article{cayley,
  author = "Arthur Cayley",
  title = "A theorem on trees",
  journal = "Quart J. Math",
  year = "1889",
  volume = "23",
  pages = "376--378",
}

@article{prufer,
  author = "Heinz Prüfer",
  title = "Neuer Beweis eines Satzes über Permutationen",
  journal = "Archiv der Mat. und Physik",
  year = "1918",
  volume = "27",
  pages = "142--144",
}

@article{egecioglu,
  author = "Ömer E\u{g}ecio\u{g}lu and J. B. Remmel",
  title = "Bijections for Cayley trees, spanning trees, and their q-analogues",
  journal = "Journal of Combinatorial Theory",
  year = "1986",
  volume = "42",
  pages = "15--30",
  publisher = "Elsevier",
  doi = "10.1016/0097-3165(86)90004-X",
}

@article{arnborg,
  author = "Stefan Arnborg and Andrzej Proskurowski",
  title = "Linear Time Algorithms for NP-Hard Problems Restricted to Partial k-Trees",
  journal = "Discrete Applied Mathematics",
  year = "1989",
  volume = "23",
  pages = "11--24",
  publisher = "Elsevier",
  doi = "10.1016/0166-218X(89)90031-0",
}

@article{harary,
  author = "Frank Harary and Edgar M. Palmer",
  title = "On acyclic simplicial complexes",
  journal = "Mathematika",
  year = "1968",
  volume = "15",
  pages = "115--122",
  doi = "10.1112/S002557930000245X",
}

@article{renyi,
  author = "C. Rényi and A. Rényi",
  title = "The Prüfer code for $k$-trees",
  journal = "Combinatorial Theory and its Applications",
  year = "1970",
  pages = "945--971",
}

@article{bodlaender,
  author = "Hans L. Bodlaender",
  title = "Treewidth: Structure and Algorithms",
  journal = "Structural Information and Communication Complexity",
  year = "2007",
  volume = "4474",
  pages = "11--25",
  doi = " 10.1007/978-3-540-72951-8_3",
}

@book{koller,
  author = "Daphne Koller and Nir Friedman",
  title = "Probabilistic Graphical Models: Principles and Techniques",
  publisher = "The MIT Press",
  year = "2009",
  isbn = "978-0-262-01319-2",
}

@book{bondy,
  author = "John A. Bondy and Uppaluri S. R. Murty",
  title = "Graph Theory",
  publisher = "Springer",
  year = "2008",
  isbn = "978-1-84628-969-9",
}

@inbook{nie,
  author = "Siqi Nie and Cassio P. de Campos and Qiang Ji",
  title="Learning Bounded Tree-Width Bayesian Networks via Sampling",
  bookTitle="Symbolic and Quantitative Approaches to Reasoning with Uncertainty: 13th European Conference, ECSQARU 2015, Compi{\`e}gne, France, July 15-17, 2015. Proceedings",
  year="2015",
  publisher="Springer International Publishing",
  address="Cham",
  pages="387--396",
  isbn="978-3-319-20807-7",
  doi="10.1007/978-3-319-20807-7_35"
}

@article{maua,
  author    = {Siqi Nie and Denis Deratani Mau{\'{a}} and Cassio Polpo de Campos and Qiang Ji},
  title     = {Advances in Learning Bayesian Networks of Bounded Treewidth},
  journal   = {CoRR},
  volume    = {abs/1406.1411},
  year      = {2014},
  url       = {http://arxiv.org/abs/1406.1411},
  timestamp = {Tue, 01 Jul 2014 11:58:08 +0200},
  biburl    = {http://dblp.uni-trier.de/rec/bib/journals/corr/NieMCJ14},
  bibsource = {dblp computer science bibliography, http://dblp.org}
}

@Inbook{chickering,
  author="Chickering, David Maxwell",
  editor="Fisher, Doug and Lenz, Hans-J.",
  title="Learning Bayesian Networks is NP-Complete",
  bookTitle="Learning from Data: Artificial Intelligence and Statistics V",
  year="1996",
  publisher="Springer New York",
  address="New York, NY",
  pages="121--130",
  isbn="978-1-4612-2404-4",
  doi="10.1007/978-1-4612-2404-4_12",
  url="http://dx.doi.org/10.1007/978-1-4612-2404-4_12"
}

@inproceedings{korhonen,
  author    = {Janne H. Korhonen and Pekka Parviainen},
  title     = {Exact Learning of Bounded Tree-width Bayesian Networks},
  booktitle = {Proceedings of the Sixteenth International Conference on Artificial Intelligence and Statistics, {AISTATS} 2013, Scottsdale, AZ, USA, April 29 - May 1, 2013},
  pages     = {370--378},
  year      = {2013},
  crossref  = {DBLP:conf/aistats/2013},
  url       = {http://jmlr.org/proceedings/papers/v31/korhonen13a.html},
  timestamp = {Tue, 12 Jul 2016 21:51:16 +0200},
  biburl    = {http://dblp2.uni-trier.de/rec/bib/conf/aistats/KorhonenP13},
  bibsource = {dblp computer science bibliography, http://dblp.org}
}

@proceedings{DBLP:conf/aistats/2013,
  title     = {Proceedings of the Sixteenth International Conference on Artificial
               Intelligence and Statistics, {AISTATS} 2013, Scottsdale, AZ, USA,
               April 29 - May 1, 2013},
  series    = {{JMLR} Workshop and Conference Proceedings},
  volume    = {31},
  publisher = {JMLR.org},
  year      = {2013},
  url       = {http://jmlr.org/proceedings/papers/v31/},
  timestamp = {Tue, 12 Jul 2016 21:51:16 +0200},
  biburl    = {http://dblp2.uni-trier.de/rec/bib/conf/aistats/2013},
  bibsource = {dblp computer science bibliography, http://dblp.org}
}

@inproceedings{perez,
  title = {Improving Acyclic Selection Order-Based Bayesian Network Structure Learning},
  author = {Walter Perez and Denis Deratani Mau\'{a}},
  booktitle = {XIII Encontro Nacional de Intelig\^{e}ncia Artificial e Computacional (ENIAC)},
  pages = {169--180},
  year = {2016}
}
